

@Misc{google_ref,
	author =       {Ben Packer AND Yoni Halpern AND Mario Guajardo-Céspedes AND Margaret Mitchell},
	title =        {Text Embedding Models Contain Bias. Here's Why That Matters.},
	month =        {May},
	day =          1,
	year =         2018,
	note =         {Google AI, Retrieved April 27, 2021 from
	\url{https://developers.googleblog.com/2018/04/text-embedding-models-contain-bias.html}},
	annote =       {Tweet}
}

@Misc{uk_gender_gap,
	author =       {Sam Bradley},
	title =        {Here’s how UK agencies are improving their gender pay gaps},
	month =        {May},
	day =          5,
	year =         2021,
	note =         {The Drum, Retrieved May 5, 2021 from:
	\url{https://www.thedrum.com/news/2021/05/05/here-s-how-uk-agencies-are-improving-their-gender-pay-gaps}}
}

@Misc{bbc_gender_pay_gap,
	author =       {Lora Jones},
	title =        {What is the gender pay gap?},
	month =        {February},
	day =          5,
	year =         2018,
	note =         {BBC News, Retrieved May 5, 2021 from:
	\url{https://www.bbc.co.uk/news/business-42918951}}
}

@Misc{equal_pay_act_1070,
	author =       {UK Public General Acts},
	title =        {Equal Pay Act 1970},
	month =        {May},
	day =          29,
	year =         1970,
	note =         {legislation.gov.uk, Retrieved May 5, 2021 from:
	\url{https://www.legislation.gov.uk/ukpga/1970/41/enacted}}
}

@Misc{equal_act_2010,
	author =       {UK Statutory Instruments},
	title =        {The Equality Act 2010 (Equal Pay Audits)},
	month =        {May},
	day =          29,
	year =         2010,
	note =         {legislation.gov.uk, Retrieved May 5, 2021 from:
	\url{https://www.legislation.gov.uk/uksi/2014/2559/contents/made}}
}

@Misc{gender_pay_FT,
	author =       {Aleksandra Wisniewska AND Billy Ehrenberg-Shannon AND Sarah Gordon},
	title =        {Gender pay gap: how women are short-changed in the UK},
	month =        {September},
	day =          25,
	year =         2020,
	note =         {Financial Times, Retrieved May 5, 2021 from:
	\url{https://www.legislation.gov.uk/uksi/2014/2559/contents/made}}
}


@Misc{ons_gender_pay_gap_17,
	author =       {Roger Smith},
	title =        {
	Annual Survey of Hours and Earnings: 2017 provisional and 2016 revised results},
	month =        {October},
	day =          26,
	year =         2017,
	note =         {BBC News, Retrieved May 5, 2021 from:
	\url{https://www.ons.gov.uk/employmentandlabourmarket/peopleinwork/earningsandworkinghours/bulletins/annualsurveyofhoursandearnings/2017provisionaland2016revisedresults/gender-pay-differences}}
}

@Misc{bbc_mothers_suffering,
	author =       {{BBC}},
	title =        {Mothers suffering 'pay penalty' at work, report suggests},
	month =        {February},
	day =          5,
	year =         2018,
	note =         {BBC News, Retrieved May 5, 2021 from:
	\url{https://www.bbc.co.uk/news/business-42939584}}
}

@inproceedings{pandas,
	title={Data structures for statistical computing in python},
	author={McKinney, Wes and others},
	booktitle={Proceedings of the 9th Python in Science Conference},
	volume={445},
	pages={51--56},
	year={2010},
	organization={Austin, TX}
}

@article{seaborn,
	doi = {10.21105/joss.03021},
	url = {https://doi.org/10.21105/joss.03021},
	year = {2021},
	publisher = {The Open Journal},
	volume = {6},
	number = {60},
	pages = {3021},
	author = {Michael L. Waskom},
	title = {seaborn: statistical data visualization},
	journal = {Journal of Open Source Software}
}

@inproceedings{xgboost,
	author = {Chen, Tianqi and Guestrin, Carlos},
	title = {{XGBoost}: A Scalable Tree Boosting System},
	booktitle = {Proceedings of the 22nd ACM SIGKDD International Conference on Knowledge Discovery and Data Mining},
	series = {KDD '16},
	year = {2016},
	isbn = {978-1-4503-4232-2},
	location = {San Francisco, California, USA},
	pages = {785--794},
	numpages = {10},
	url = {http://doi.acm.org/10.1145/2939672.2939785},
	doi = {10.1145/2939672.2939785},
	acmid = {2939785},
	publisher = {ACM},
	address = {New York, NY, USA},
	keywords = {large-scale machine learning},
}

@book{python,
	author = {Van Rossum, Guido and Drake, Fred L.},
	title = {Python 3 Reference Manual},
	year = {2009},
	isbn = {1441412697},
	publisher = {CreateSpace},
	address = {Scotts Valley, CA}
}

@inproceedings{sen2020towards,
	title={Towards Socially Responsible AI: Cognitive Bias-Aware Multi-Objective Learning},
	author={Sen, Procheta and Ganguly, Debasis},
	booktitle={Proceedings of the AAAI Conference on Artificial Intelligence},
	volume={34},
	number={03},
	pages={2685--2692},
	year={2020}
}

@article{ntoutsi2020bias,
	title={Bias in data-driven artificial intelligence systems—An introductory survey},
	author={Ntoutsi, Eirini and Fafalios, Pavlos and Gadiraju, Ujwal and Iosifidis, Vasileios and Nejdl, Wolfgang and Vidal, Maria-Esther and Ruggieri, Salvatore and Turini, Franco and Papadopoulos, Symeon and Krasanakis, Emmanouil and others},
	journal={Wiley Interdisciplinary Reviews: Data Mining and Knowledge Discovery},
	volume={10},
	number={3},
	pages={e1356},
	year={2020},
	publisher={Wiley Online Library}
}

@misc{paygapfacts,
	key =          "ACM",
	author =       {Robin Bleiweis},
	title =        {Quick Facts About the Gender Wage Gap},
	year =         2020,
	note =         {\url{https://www.americanprogress.org/issues/women/reports/2020/03/24/482141/quick-facts-gender-wage-gap}},
}

@misc{sage_work_diversity,
	author =       {Jessica Fuhl},
	organisation = {{Sage}},
	title =        {10 ways to eliminate gender bias in the workplace},
	year =         2020,
	note =         {\url{https://www.sage.com/en-gb/blog/eliminate-gender-diversity-workforce/}},
}



@Misc{CHINOSAUR:venue,
  author =       {@\_CHINOSAUR},
  key =          {_CHINOSAUR},
  howpublished = {Tweet},
  title =        {"VENUE IS TOO COLD" \#BINGO \#CHI2014},
  month =        {May},
  day =          1,
  year =         2014,
  note =         {Retrieved Febuary 2, 2015 from
                  \url{https://twitter.com/_CHINOSAUR/status/461864317415989248}},
  annote =       {Tweet}
}

@misc{supermetroid:snes,
	Address = {Kyoto, Japan},
	Author = {{Nintendo R\&D1} and {Intelligent Systems}},
	Day = {18},
	Howpublished = {Game [SNES]},
	Month = {April},
	Note = {Nintendo, Kyoto, Japan. Played August 2011.},
	Publisher = {Nintendo},
	Title = {\emph{Super Metroid}},
	Year = {1994}
}

@inproceedings{Klemmer:2002:WSC:503376.503378,
  author =       {Klemmer, Scott R. and Thomsen, Michael and
                  Phelps-Goodman, Ethan and Lee, Robert and Landay,
                  James A.},
  title =        {Where Do Web Sites Come from?: Capturing and
                  Interacting with Design History},
  booktitle =    {Proceedings of the SIGCHI Conference on Human
                  Factors in Computing Systems},
  series =       {CHI '02},
  year =         2002,
  isbn =         {1-58113-453-3},
  location =     {Minneapolis, Minnesota, USA},
  pages =        {1--8},
  url =          {http://doi.acm.org/10.1145/503376.503378},
  doi =          {10.1145/503376.503378},
  acmid =        503378,
  publisher =    {ACM},
  address =      {New York, NY, USA},
  keywords =     {CSCW, activity capture, design rationale, history
                  management, informal interfaces, sketching, tangible
                  UI, web design},
}

@inproceedings{Mather:2000:MUT,
  title =        {Making up titles for conference papers},
  author =       {Mather, B. D.},
  booktitle =    {Ext. Abstracts CHI 2000},
  year =         2000,
  publisher =    "ACM Press",
  pages =        "1-2",
}

@book{Schwartz:1995:GBF,
  title =        {Guidelines for Bias-Free Writing},
  author =       {Marilyn Schwartz},
  address =      {Bloomington, IN, USA},
  year =         1995,
  publisher =    {ERIC}
}

@inproceedings{Zellweger:2001:FAO:504216.504224,
  author =       {Zellweger, Polle T. and Bouvin, Niels Olof and
                  Jeh{\o}j, Henning and Mackinlay, Jock D.},
  title =        {Fluid annotations in an open world},
  booktitle =    {Proc. Hypertext 2001},
  year =         2001,
  pages =        {9--18},
  publisher =    {ACM Press},
}

@misc{acm_categories,
  key =          "ACM",
  author =       {ACM},
  title =        {How to Classify Works Using ACM's Computing
                  Classification System},
  year =         1998,
  note =         {\url{http://www.acm.org/class/how_to_use.html}},
}

@Misc{cavender:writing,
  author =       {Anna Cavender and Shari Trewin and Vicki Hanson},
  title =        {Accessible Writing Guide},
  year =         2014,
  day =          22,
  note =
                  {\url{http://www.sigaccess.org/welcome-to-sigaccess/resources/accessible-writing-guide/}},
  annote =       {URL}
}

@article{ethics,
  title =        {{Social Impacts of Computing: Codes of Professional
                  Ethics}},
  author =       {R. E. Anderson},
  doi =          "10.1177/089443939201000402",
  journal =      "Social Science Computer Review December",
  year =         1992,
  volume =       10,
  number =       4,
  pages =        "453-469"
}

@Misc{heilig:sensorama,
  author =       {Morton L. Heilig},
  title =        {Sensorama Simulator},
  howpublished = {U.S. Patent 3,050,870},
  month =        {August},
  day =          28,
  year =         1962,
  note =         {Filed Februrary 22, 1962.},
  annote =       {is this right?}
},

@article{kaye:puc,
  year =         2014,
  issn =         {1617-4909},
  journal =      {Personal and Ubiquitous Computing},
  volume =       18,
  number =       4,
  doi =          {10.1007/s00779-014-0773-4},
  title =        {Special issue on science fiction and ubiquitous
                  computing},
  url =          {http://dx.doi.org/10.1007/s00779-014-0773-4},
  publisher =    {Springer London},
  author =       {Kaye, Jofish and Dourish, Paul},
  pages =        {765-766},
  language =     {English}
}

@Misc{psy:gangnam,
  author =       {Psy},
  title =        {Gangnam Style},
  howpublished = {Video},
  month =        {July},
  day =          15,
  year =         2012,
  note =         {Retrieved August 22, 2014 from
                  \url{https://www.youtube.com/watch?v=9bZkp7q19f0}},
  annote =       {Video URL}
}

@PhdThesis{sutherland:sketchpad,
  author =       {Ivan E. Sutherland},
  title =        {Sketchpad, a Man-Machine Graphical Communication
                  System},
  school =       {Massachusetts Institute of Technology},
  year =         1963,
  address =      {Cambridge, MA},
}

@InBook{winner:politics,
  author =       {Langdon Winner},
  title =        {The Social Shaping of Technology},
  chapter =      {Do artifacts have politics?},
  publisher =    {Open University Press},
  year =         1999,
  address =      {UK},
  edition =      {2nd},
  pages =        {28--40},
}
